@inproceedings{DBLP:conf/oopsla/NorrisD13,
  author    = {Brian Norris and
               Brian Demsky},
  editor    = {Antony L. Hosking and
               Patrick Th. Eugster and
               Cristina V. Lopes},
  title     = {CDSchecker: checking concurrent data structures written with {C/C++}
               atomics},
  booktitle = {Proceedings of the 2013 {ACM} {SIGPLAN} International Conference on
               Object Oriented Programming Systems Languages {\&} Applications,
               {OOPSLA} 2013, part of {SPLASH} 2013, Indianapolis, IN, USA, October
               26-31, 2013},
  pages     = {131--150},
  publisher = {{ACM}},
  year      = {2013},
  url       = {https://doi.org/10.1145/2509136.2509514},
  doi       = {10.1145/2509136.2509514},
  timestamp = {Tue, 06 Nov 2018 16:57:16 +0100},
  biburl    = {https://dblp.org/rec/conf/oopsla/NorrisD13.bib},
  bibsource = {dblp computer science bibliography, https://dblp.org}
}

@article{DBLP:journals/toplas/NorrisD16,
  author    = {Brian Norris and
               Brian Demsky},
  title     = {A Practical Approach for Model Checking {C/C++11} Code},
  journal   = {{ACM} Trans. Program. Lang. Syst.},
  volume    = {38},
  number    = {3},
  pages     = {10:1--10:51},
  year      = {2016},
  url       = {https://doi.org/10.1145/2806886},
  doi       = {10.1145/2806886},
  timestamp = {Tue, 06 Nov 2018 12:51:29 +0100},
  biburl    = {https://dblp.org/rec/journals/toplas/NorrisD16.bib},
  bibsource = {dblp computer science bibliography, https://dblp.org}
}

@inproceedings{DBLP:conf/esop/BattyMNPS15,
  author    = {Mark Batty and
               Kayvan Memarian and
               Kyndylan Nienhuis and
               Jean Pichon{-}Pharabod and
               Peter Sewell},
  editor    = {Jan Vitek},
  title     = {The Problem of Programming Language Concurrency Semantics},
  booktitle = {Programming Languages and Systems - 24th European Symposium on Programming,
               {ESOP} 2015, Held as Part of the European Joint Conferences on Theory
               and Practice of Software, {ETAPS} 2015, London, UK, April 11-18, 2015.
               Proceedings},
  series    = {Lecture Notes in Computer Science},
  volume    = {9032},
  pages     = {283--307},
  publisher = {Springer},
  year      = {2015},
  url       = {https://doi.org/10.1007/978-3-662-46669-8\_12},
  doi       = {10.1007/978-3-662-46669-8\_12},
  timestamp = {Tue, 20 Aug 2019 15:27:49 +0200},
  biburl    = {https://dblp.org/rec/conf/esop/BattyMNPS15.bib},
  bibsource = {dblp computer science bibliography, https://dblp.org}
}

@inproceedings{DBLP:conf/pldi/MemarianMLNCWS16,
  author    = {Kayvan Memarian and
               Justus Matthiesen and
               James Lingard and
               Kyndylan Nienhuis and
               David Chisnall and
               Robert N. M. Watson and
               Peter Sewell},
  editor    = {Chandra Krintz and
               Emery Berger},
  title     = {Into the depths of {C:} elaborating the de facto standards},
  booktitle = {Proceedings of the 37th {ACM} {SIGPLAN} Conference on Programming
               Language Design and Implementation, {PLDI} 2016, Santa Barbara, CA,
               USA, June 13-17, 2016},
  pages     = {1--15},
  publisher = {{ACM}},
  year      = {2016},
  url       = {https://doi.org/10.1145/2908080.2908081},
  doi       = {10.1145/2908080.2908081},
  timestamp = {Tue, 06 Nov 2018 16:59:30 +0100},
  biburl    = {https://dblp.org/rec/conf/pldi/MemarianMLNCWS16.bib},
  bibsource = {dblp computer science bibliography, https://dblp.org}
}

@inproceedings{DBLP:conf/oopsla/NienhuisMS16,
  author    = {Kyndylan Nienhuis and
               Kayvan Memarian and
               Peter Sewell},
  editor    = {Eelco Visser and
               Yannis Smaragdakis},
  title     = {An operational semantics for {C/C++11} concurrency},
  booktitle = {Proceedings of the 2016 {ACM} {SIGPLAN} International Conference on
               Object-Oriented Programming, Systems, Languages, and Applications,
               {OOPSLA} 2016, part of {SPLASH} 2016, Amsterdam, The Netherlands,
               October 30 - November 4, 2016},
  pages     = {111--128},
  publisher = {{ACM}},
  year      = {2016},
  url       = {https://doi.org/10.1145/2983990.2983997},
  doi       = {10.1145/2983990.2983997},
  timestamp = {Tue, 06 Nov 2018 16:57:16 +0100},
  biburl    = {https://dblp.org/rec/conf/oopsla/NienhuisMS16.bib},
  bibsource = {dblp computer science bibliography, https://dblp.org}
}

@inproceedings{DBLP:conf/cav/LauGMPS19,
  author    = {Stella Lau and
               Victor B. F. Gomes and
               Kayvan Memarian and
               Jean Pichon{-}Pharabod and
               Peter Sewell},
  editor    = {Isil Dillig and
               Serdar Tasiran},
  title     = {Cerberus-BMC: {A} Principled Reference Semantics and Exploration Tool
               for Concurrent and Sequential {C}},
  booktitle = {Computer Aided Verification - 31st International Conference, {CAV}
               2019, New York City, NY, USA, July 15-18, 2019, Proceedings, Part
               {I}},
  series    = {Lecture Notes in Computer Science},
  volume    = {11561},
  pages     = {387--397},
  publisher = {Springer},
  year      = {2019},
  url       = {https://doi.org/10.1007/978-3-030-25540-4\_22},
  doi       = {10.1007/978-3-030-25540-4\_22},
  timestamp = {Fri, 31 Jan 2020 21:32:18 +0100},
  biburl    = {https://dblp.org/rec/conf/cav/LauGMPS19.bib},
  bibsource = {dblp computer science bibliography, https://dblp.org}
}

@phdthesis{DBLP:phd/ethos/Batty15,
  author    = {Mark John Batty},
  title     = {The {C11} and {C++11} concurrency model},
  school    = {University of Cambridge, {UK}},
  year      = {2015},
  url       = {http://ethos.bl.uk/OrderDetails.do?uin=uk.bl.ethos.708458},
  timestamp = {Wed, 20 Mar 2019 13:55:31 +0100},
  biburl    = {https://dblp.org/rec/phd/ethos/Batty15.bib},
  bibsource = {dblp computer science bibliography, https://dblp.org}
}

@phdthesis{DBLP:phd/hal/Morisset17,
  author    = {Robin Morisset},
  title     = {Compiler optimisations and relaxed memory consistency models. (Optimisations
               des compilateurs et mod{\`{e}}les m{\'{e}}moire rel{\^{a}}ch{\'{e}}s)},
  school    = {{PSL} Research University, Paris, France},
  year      = {2017},
  url       = {https://tel.archives-ouvertes.fr/tel-01823521},
  timestamp = {Sat, 16 Feb 2019 19:34:09 +0100},
  biburl    = {https://dblp.org/rec/phd/hal/Morisset17.bib},
  bibsource = {dblp computer science bibliography, https://dblp.org}
}

@inproceedings{DBLP:conf/pldi/LahavVKHD17,
  author    = {Ori Lahav and
               Viktor Vafeiadis and
               Jeehoon Kang and
               Chung{-}Kil Hur and
               Derek Dreyer},
  editor    = {Albert Cohen and
               Martin T. Vechev},
  title     = {Repairing sequential consistency in {C/C++11}},
  booktitle = {Proceedings of the 38th {ACM} {SIGPLAN} Conference on Programming
               Language Design and Implementation, {PLDI} 2017, Barcelona, Spain,
               June 18-23, 2017},
  pages     = {618--632},
  publisher = {{ACM}},
  year      = {2017},
  url       = {https://doi.org/10.1145/3062341.3062352},
  doi       = {10.1145/3062341.3062352},
  timestamp = {Fri, 27 Dec 2019 21:21:30 +0100},
  biburl    = {https://dblp.org/rec/conf/pldi/LahavVKHD17.bib},
  bibsource = {dblp computer science bibliography, https://dblp.org}
}

@inproceedings{DBLP:conf/popl/KangHLVD17,
  author    = {Jeehoon Kang and
               Chung{-}Kil Hur and
               Ori Lahav and
               Viktor Vafeiadis and
               Derek Dreyer},
  editor    = {Giuseppe Castagna and
               Andrew D. Gordon},
  title     = {A promising semantics for relaxed-memory concurrency},
  booktitle = {Proceedings of the 44th {ACM} {SIGPLAN} Symposium on Principles of
               Programming Languages, {POPL} 2017, Paris, France, January 18-20,
               2017},
  pages     = {175--189},
  publisher = {{ACM}},
  year      = {2017},
  url       = {http://dl.acm.org/citation.cfm?id=3009850},
  timestamp = {Tue, 06 Nov 2018 11:07:42 +0100},
  biburl    = {https://dblp.org/rec/conf/popl/KangHLVD17.bib},
  bibsource = {dblp computer science bibliography, https://dblp.org}
}

@article{DBLP:journals/pacmpl/Kokologiannakis18,
  author    = {Michalis Kokologiannakis and
               Ori Lahav and
               Konstantinos Sagonas and
               Viktor Vafeiadis},
  title     = {Effective stateless model checking for {C/C++} concurrency},
  journal   = {Proc. {ACM} Program. Lang.},
  volume    = {2},
  number    = {{POPL}},
  pages     = {17:1--17:32},
  year      = {2018},
  url       = {https://doi.org/10.1145/3158105},
  doi       = {10.1145/3158105},
  timestamp = {Thu, 16 Apr 2020 13:51:42 +0200},
  biburl    = {https://dblp.org/rec/journals/pacmpl/Kokologiannakis18.bib},
  bibsource = {dblp computer science bibliography, https://dblp.org}
}

@article{DBLP:journals/pacmpl/PodkopaevLV19,
  author    = {Anton Podkopaev and
               Ori Lahav and
               Viktor Vafeiadis},
  title     = {Bridging the gap between programming languages and hardware weak memory
               models},
  journal   = {Proc. {ACM} Program. Lang.},
  volume    = {3},
  number    = {{POPL}},
  pages     = {69:1--69:31},
  year      = {2019},
  url       = {https://doi.org/10.1145/3290382},
  doi       = {10.1145/3290382},
  timestamp = {Thu, 16 Apr 2020 13:51:48 +0200},
  biburl    = {https://dblp.org/rec/journals/pacmpl/PodkopaevLV19.bib},
  bibsource = {dblp computer science bibliography, https://dblp.org}
}

@inproceedings{DBLP:conf/asplos/Kokologiannakis20,
  author    = {Michalis Kokologiannakis and
               Viktor Vafeiadis},
  editor    = {James R. Larus and
               Luis Ceze and
               Karin Strauss},
  title     = {{HMC:} Model Checking for Hardware Memory Models},
  booktitle = {{ASPLOS} '20: Architectural Support for Programming Languages and
               Operating Systems, Lausanne, Switzerland, March 16-20, 2020 {[ASPLOS}
               2020 was canceled because of {COVID-19]}},
  pages     = {1157--1171},
  publisher = {{ACM}},
  year      = {2020},
  url       = {https://doi.org/10.1145/3373376.3378480},
  doi       = {10.1145/3373376.3378480},
  timestamp = {Mon, 16 Mar 2020 11:14:36 +0100},
  biburl    = {https://dblp.org/rec/conf/asplos/Kokologiannakis20.bib},
  bibsource = {dblp computer science bibliography, https://dblp.org}
}

@inproceedings{DBLP:conf/oopsla/BlumG16,
  author    = {Ben Blum and
               Garth A. Gibson},
  editor    = {Eelco Visser and
               Yannis Smaragdakis},
  title     = {Stateless model checking with data-race preemption points},
  booktitle = {Proceedings of the 2016 {ACM} {SIGPLAN} International Conference on
               Object-Oriented Programming, Systems, Languages, and Applications,
               {OOPSLA} 2016, part of {SPLASH} 2016, Amsterdam, The Netherlands,
               October 30 - November 4, 2016},
  pages     = {477--493},
  publisher = {{ACM}},
  year      = {2016},
  url       = {https://doi.org/10.1145/2983990.2984036},
  doi       = {10.1145/2983990.2984036},
  timestamp = {Tue, 06 Nov 2018 16:57:16 +0100},
  biburl    = {https://dblp.org/rec/conf/oopsla/BlumG16.bib},
  bibsource = {dblp computer science bibliography, https://dblp.org}
}

@inproceedings{DBLP:conf/tacas/AbdullaAAJLS15,
  author    = {Parosh Aziz Abdulla and
               Stavros Aronis and
               Mohamed Faouzi Atig and
               Bengt Jonsson and
               Carl Leonardsson and
               Konstantinos Sagonas},
  editor    = {Christel Baier and
               Cesare Tinelli},
  title     = {Stateless Model Checking for {TSO} and {PSO}},
  booktitle = {Tools and Algorithms for the Construction and Analysis of Systems
               - 21st International Conference, {TACAS} 2015, Held as Part of the
               European Joint Conferences on Theory and Practice of Software, {ETAPS}
               2015, London, UK, April 11-18, 2015. Proceedings},
  series    = {Lecture Notes in Computer Science},
  volume    = {9035},
  pages     = {353--367},
  publisher = {Springer},
  year      = {2015},
  url       = {https://doi.org/10.1007/978-3-662-46681-0\_28},
  doi       = {10.1007/978-3-662-46681-0\_28},
  timestamp = {Wed, 25 Sep 2019 18:13:20 +0200},
  biburl    = {https://dblp.org/rec/conf/tacas/AbdullaAAJLS15.bib},
  bibsource = {dblp computer science bibliography, https://dblp.org}
}

@article{DBLP:journals/acta/AbdullaAAJLS17,
  author    = {Parosh Aziz Abdulla and
               Stavros Aronis and
               Mohamed Faouzi Atig and
               Bengt Jonsson and
               Carl Leonardsson and
               Konstantinos Sagonas},
  title     = {Stateless model checking for {TSO} and {PSO}},
  journal   = {Acta Inf.},
  volume    = {54},
  number    = {8},
  pages     = {789--818},
  year      = {2017},
  url       = {https://doi.org/10.1007/s00236-016-0275-0},
  doi       = {10.1007/s00236-016-0275-0},
  timestamp = {Wed, 25 Sep 2019 17:44:37 +0200},
  biburl    = {https://dblp.org/rec/journals/acta/AbdullaAAJLS17.bib},
  bibsource = {dblp computer science bibliography, https://dblp.org}
}

@inproceedings{DBLP:conf/ecrts/ColinP01a,
  author    = {Antoine Colin and
               Isabelle Puaut},
  title     = {Worst-Case Execution Time Analysis of the {RTEMS} Real-Time Operating
               System},
  booktitle = {13th Euromicro Conference on Real-Time Systems {(ECRTS} 2001), 13-15
               June 2001, Delft, The Netherlands, Proceedings},
  pages     = {191--198},
  publisher = {{IEEE} Computer Society},
  year      = {2001},
  url       = {https://doi.org/10.1109/EMRTS.2001.934029},
  doi       = {10.1109/EMRTS.2001.934029},
  timestamp = {Wed, 16 Oct 2019 14:14:50 +0200},
  biburl    = {https://dblp.org/rec/conf/ecrts/ColinP01a.bib},
  bibsource = {dblp computer science bibliography, https://dblp.org}
}